@misc{bitcoin_2008,
    title={Bitcoin: A Peer-to-Peer Electronic Cash System},
    url={https://bitcoin.org/bitcoin.pdf},
    author={Satoshi Nakamoto},
    year={2008}
}

@misc{eth_2014,
    titel={Ethereum: A Next-Generation Smart Contract and Decentralized Application Platform},
    url={https://ethereum.org/669c9e2e2027310b6b3cdce6e1c52962/Ethereum_Whitepaper_-_Buterin_2014.pdf},
    author={Vitalik Buterin},
    year={2014},
    month={12}
}


@article{fama1970efficient,
    title={Efficient capital markets: A review of theory and empirical work},
    author={Fama, Eugene F},
    journal={The journal of Finance},
    volume={25},
    number={2},
    pages={383--417},
    year={1970},
    publisher={JSTOR}
}

@inproceedings{white1988economic,
    title={Economic prediction using neural networks: The case of IBM daily stock returns},
    author={White, Halbert},
    booktitle={ICNN},
    volume={2},
    pages={451--458},
    year={1988}
}

@article{wu2023bloomberggpt,
    title={Bloomberggpt: A large language model for finance},
    author={Wu, Shijie and Irsoy, Ozan and Lu, Steven and Dabravolski, Vadim and Dredze, Mark and Gehrmann, Sebastian and Kambadur, Prabhanjan and Rosenberg, David and Mann, Gideon},
    journal={arXiv preprint arXiv:2303.17564},
    year={2023}
}

@misc{canellis-2020,
    title={{The ‘average’ Robinhood trader is no match for the S\&P 500, just like Buffett}},
    url={https://thenextweb.com/news/robinhood-trader-average-underperform-sp-500-index-like-warren-buffett},
    author={Canellis, David},
    year={2020},
    month={6},
    urldate={2023-10-15}
}

@article{fama1995random,
    title={Random walks in stock market prices},
    author={Fama, Eugene F},
    journal={Financial analysts journal},
    volume={51},
    number={1},
    pages={75--80},
    year={1995},
    publisher={Taylor \& Francis}
}

@article{sharpe1964capital,
    title={Capital asset prices: A theory of market equilibrium under conditions of risk},
    author={Sharpe, William F},
    journal={The journal of finance},
    volume={19},
    number={3},
    pages={425--442},
    year={1964},
    publisher={Wiley Online Library}
}

@article{sim2019deep,
    title={Is deep learning for image recognition applicable to stock market prediction?},
    author={Sim, Hyun Sik and Kim, Hae In and Ahn, Jae Joon and others},
    journal={Complexity},
    volume={2019},
    year={2019},
    publisher={Hindawi}
}

@article{graham2001theory,
    title={The theory and practice of corporate finance: Evidence from the field},
    author={Graham, John R and Harvey, Campbell R},
    journal={Journal of financial economics},
    volume={60},
    number={2-3},
    pages={187--243},
    year={2001},
    publisher={Elsevier}
}

@misc{Chen_2021, 
    title={Technical indicator: Definition, analyst uses, types and examples}, 
    url={https://www.investopedia.com/terms/t/technicalindicator.asp}, journal={Investopedia}, 
    publisher={Investopedia}, 
    author={Chen, James}, 
    year={2021}, 
    month={09}
} 

@misc{Hayes_2023, 
    title={Bollinger Bands®: What they are, and what they tell investors},
    url={https://www.investopedia.com/terms/b/bollingerbands.asp}, journal={Investopedia},
    publisher={Investopedia}, 
    author={Hayes, Adam}, 
    year={2023}, 
    month={01}
} 

@book{Wilder_1978,
    author={Wilder, J. Welles},
    title={New concepts in technical trading systems},
    publisher={Trend Research},
    isbn={978-0-89459-027-6},
    year={1978} 
}

@article{mcculloch1943logical,
    title={A logical calculus of the ideas immanent in nervous activity},
    author={McCulloch, Warren S and Pitts, Walter},
    journal={The bulletin of mathematical biophysics},
    volume={5},
    pages={115--133},
    year={1943},
    publisher={Springer}
}

@article{rosenblatt1958perceptron,
    title={The perceptron: a probabilistic model for information storage and organization in the brain.},
    author={Rosenblatt, Frank},
    journal={Psychological review},
    volume={65},
    number={6},
    pages={386},
    year={1958},
    publisher={American Psychological Association}
}

@article{liu2023forecasting,
    title={Forecasting cryptocurrency returns with machine learning},
    author={Liu, Yujun and Li, Zhongfei and Nekhili, Ramzi and Sultan, Jahangir},
    journal={Research in International Business and Finance},
    volume={64},
    pages={101905},
    year={2023},
    publisher={Elsevier}
}

@article{rumelhart1986learning,
    title={Learning representations by back-propagating errors},
    author={Rumelhart, David E and Hinton, Geoffrey E and Williams, Ronald J},
    journal={nature},
    volume={323},
    number={6088},
    pages={533--536},
    year={1986},
    publisher={Nature Publishing Group UK London}
}

@article{hochreiter1997long,
    title={Long short-term memory},
    author={Hochreiter, Sepp and Schmidhuber, J{\"u}rgen},
    journal={Neural computation},
    volume={9},
    number={8},
    pages={1735--1780},
    year={1997},
    publisher={MIT press}
}

@inproceedings{chen2016xgboost,
    title={Xgboost: A scalable tree boosting system},
    author={Chen, Tianqi and Guestrin, Carlos},
    booktitle={Proceedings of the 22nd acm sigkdd international conference on knowledge discovery and data mining},
    pages={785--794},
    year={2016}
}

@inproceedings{6720012,
    author={Vui, Chang Sim and Soon, Gan Kim and On, Chin Kim and Alfred, Rayner and Anthony, Patricia},
    booktitle={2013 IEEE International Conference on Control System, Computing and Engineering}, 
    title={A review of stock market prediction with Artificial neural network (ANN)}, 
    year={2013},
    pages={477-482},
    doi={10.1109/ICCSCE.2013.6720012}
}

@article{venugopal2019state,
    title={State-of-Health estimation of li-ion batteries in electric vehicle using IndRNN under variable load condition},
    author={Venugopal, Prakash},
    journal={Energies},
    volume={12},
    number={22},
    pages={4338},
    year={2019},
    publisher={MDPI}
}

@misc{Awan_2022, 
    title={Recurrent neural network tutorial (RNN)}, 
    url={https://www.datacamp.com/tutorial/tutorial-for-recurrent-neural-network}, 
    organisation={DataCamp}, 
    publisher={DataCamp}, 
    author={Awan, Abid Ali}, 
    year={2022}, 
    month={03},
    urldate={2023-10-06}
}

@article{haque2018image,
    title={Image denoising and restoration with CNN-LSTM Encoder Decoder with Direct Attention},
    author={Haque, Kazi Nazmul and Yousuf, Mohammad Abu and Rana, Rajib},
    journal={arXiv preprint arXiv:1801.05141},
    year={2018}
}

@article{hopfield1982neural,
    title={Neural networks and physical systems with emergent collective computational abilities.},
    author={Hopfield, John J},
    journal={Proceedings of the national academy of sciences},
    volume={79},
    number={8},
    pages={2554--2558},
    year={1982},
    publisher={National Acad Sciences}
}

@article{werbos1990backpropagation,
    title={Backpropagation through time: what it does and how to do it},
    author={Werbos, Paul J},
    journal={Proceedings of the IEEE},
    volume={78},
    number={10},
    pages={1550--1560},
    year={1990},
    publisher={IEEE}
}

@misc{Olah_2015, 
    title={Understanding LSTM networks}, 
    url={https://colah.github.io/posts/2015-08-Understanding-LSTMs/}, 
    author={Olah, Christopher}, 
    year={2015}, 
    month={08},
    urldate={2023-10-08}
}

@book{breiman1984classification,
    title={Classification and regression trees},
    author={Breiman, Leo and Friedman, Jerome and Stone, Charles J and Olshen, Richard A},
    year={1984},
    publisher={CRC press}
}

@book{kearns1988learning,
    title={Learning Boolean formulae or finite automata is as hard as factoring},
    author={Kearns, Michael J and Valiant, Leslie G},
    year={1988},
    publisher={Harvard University, Center for Research in Computing Technology, Aiken~…}
}

@article{schapire1990strength,
    title={The strength of weak learnability},
    author={Schapire, Robert E},
    journal={Machine learning},
    volume={5},
    pages={197--227},
    year={1990},
    publisher={Springer}
}

@article{freund1995boosting,
    title={Boosting a weak learning algorithm by majority},
    author={Freund, Yoav},
    journal={Information and computation},
    volume={121},
    number={2},
    pages={256--285},
    year={1995},
    publisher={Elsevier}
}

@article{freund1997decision,
    title={A decision-theoretic generalization of on-line learning and an application to boosting},
    author={Freund, Yoav and Schapire, Robert E},
    journal={Journal of computer and system sciences},
    volume={55},
    number={1},
    pages={119--139},
    year={1997},
    publisher={Elsevier}
}

@article{friedman2001greedy,
    title={Greedy function approximation: a gradient boosting machine},
    author={Friedman, Jerome H},
    journal={Annals of statistics},
    pages={1189--1232},
    year={2001},
    publisher={JSTOR}
}

@article{friedman2002stochastic,
    title={Stochastic gradient boosting},
    author={Friedman, Jerome H},
    journal={Computational statistics \& data analysis},
    volume={38},
    number={4},
    pages={367--378},
    year={2002},
    publisher={Elsevier}
}

@article{yule1909applications,
    title={The applications of the method of correlation to social and economic statistics},
    author={Yule, G Udny},
    journal={Journal of the Royal Statistical Society},
    volume={72},
    number={4},
    pages={721--730},
    year={1909},
    publisher={JSTOR}
}

@article{hooker1901correlation,
    title={Correlation of the marriage-rate with trade},
    author={Hooker, Reginald H},
    journal={Journal of the Royal Statistical Society},
    volume={64},
    number={3},
    pages={485--492},
    year={1901},
    publisher={JSTOR}
}

@book{king1912elements,
    title={The elements of statistical method},
    author={King, Willford Isbell},
    year={1912},
    publisher={Macmillan}
}

@misc{bollinger2023,
    title={BOLLINGER BANDS},
    url={https://www.bollingerbands.com/bollinger-bands},
    organization={Bollinger Capital Management, Inc.},
    author={Bollinger, John},
    year={2021},
    urldate={2023-10-15}
}

@book{keltner1960make,
    title={How to Make Money in Commodities},
    author={Keltner, C.W.},
    lccn={60051270},
    url={https://books.google.ch/books?id=omQUAQAAMAAJ},
    year={1960},
    publisher={Keltner Statistical Service}
}

@book{appel1985moving,
    title={The Moving Average Convergence-divergence Trading Method: Advanced Version},
    author={Appel, Gerald},
    url={https://books.google.ch/books?id=GzXiPwAACAAJ},
    year={1985},
    publisher={Scientific Investment Systems}
}

@book{appel2005technical,
    title={Technical analysis: power tools for active investors},
    author={Appel, Gerald},
    year={2005},
    publisher={FT Press}
}

@techreport{appel2008quick,
    title={A Quick Tutorial in MACD: Basic Concepts},
    author={Appel, Gerald and Appel, Marvin},
    year={2008},
    institution={Working Paper}
}

@misc{statista_robinhood,
    title={Number of users of Robinhood from 2014 to Q2 2022},
    url={https://www.statista.com/statistics/822176/number-of-users-robinhood/},
    author={{Statista}},
    year={2022},
    month={08},
    urldate={2023-10-15}
}

@article{sharpe1998sharpe,
  title={The sharpe ratio},
  author={Sharpe, William F},
  journal={Streetwise--the Best of the Journal of Portfolio Management},
  volume={3},
  pages={169--85},
  year={1998},
  publisher={Princeton University Press NJ}
}

@inproceedings{attanasio2019quantitative,
  title={Quantitative cryptocurrency trading: exploring the use of machine learning techniques},
  author={Attanasio, Giuseppe and Cagliero, Luca and Garza, Paolo and Baralis, Elena},
  booktitle={Proceedings of the 5th Workshop on Data Science for Macro-modeling with Financial and Economic Datasets},
  pages={1--6},
  year={2019}
}

@article{yadav2020optimizing,
  title={Optimizing LSTM for time series prediction in Indian stock market},
  author={Yadav, Anita and Jha, CK and Sharan, Aditi},
  journal={Procedia Computer Science},
  volume={167},
  pages={2091--2100},
  year={2020},
  publisher={Elsevier}
}

@inproceedings{wang2018financial,
  title={Financial markets prediction with deep learning},
  author={Wang, Jia and Sun, Tong and Liu, Benyuan and Cao, Yu and Wang, Degang},
  booktitle={2018 17th IEEE international conference on machine learning and applications (ICMLA)},
  pages={97--104},
  year={2018},
  organization={IEEE}
}

@book{hilpisch2020python,
  title={Python for Algorithmic Trading},
  author={Hilpisch, Yves},
  year={2020},
  publisher={" O'Reilly Media, Inc."}
}

@article{jensen1968performance,
  title={The performance of mutual funds in the period 1945-1964},
  author={Jensen, Michael C},
  journal={The Journal of finance},
  volume={23},
  number={2},
  pages={389--416},
  year={1968},
  publisher={JSTOR}
}

@book{tulchinsky2019finding,
  title={Finding Alphas: A quantitative approach to building trading strategies},
  author={Tulchinsky, Igor},
  year={2019},
  publisher={John Wiley \& Sons}
}

@article{jegadeesh1993returns,
  title={Returns to buying winners and selling losers: Implications for stock market efficiency},
  author={Jegadeesh, Narasimhan and Titman, Sheridan},
  journal={The Journal of finance},
  volume={48},
  number={1},
  pages={65--91},
  year={1993},
  publisher={Wiley Online Library}
}

@article{balvers2000mean,
 ISSN = {00221082, 15406261},
 URL = {http://www.jstor.org/stable/222521},
 abstract = {For U.S. stock prices, evidence of mean reversion over long horizons is mixed, possibly due to lack of a reliable long time series. Using additional cross-sectional power gained from national stock index data of 18 countries during the period 1969 to 1996, we find strong evidence of mean reversion in relative stock index prices. Our findings imply a significantly positive speed of reversion with a half-life of three to three and one-half years. This result is robust to alternative specifications and data. Parametric contrarian investment strategies that fully exploit mean reversion across national indexes outperform buy-and-hold and standard contrarian strategies.},
 author = {Ronald Balvers and Yangru Wu and Erik Gilliland},
 journal = {The Journal of Finance},
 number = {2},
 pages = {745--772},
 publisher = {[American Finance Association, Wiley]},
 title = {Mean Reversion across National Stock Markets and Parametric Contrarian Investment Strategies},
 urldate = {2023-11-14},
 volume = {55},
 year = {2000}
}

@article{lambert1983commodity,
  title={Commodity channel index: Tool for trading cyclic trends},
  author={Lambert, Donald R},
  journal={Technical Analysis of Stocks \& Commodities},
  volume={1},
  pages={47},
  year={1983}
}

@misc{Kuepper_2022, 
    title={Timing trades with the Commodity Channel Index}, 
    url={https://www.investopedia.com/investing/timing-trades-with-commodity-channel-index/}, 
    journal={Investopedia}, 
    publisher={Investopedia}, 
    author={Kuepper, Justin}, 
    year={2022}, 
    month={09},
    urldate={2023-11-14}
} 

@book{granville1963new,
  title={New key to stock market profits},
  author={Granville, Joseph Ensign},
  year={1963},
  publisher={Prentice-Hall}
}

@misc{Yu_2023, 
    title={Accumulation Distribution Indicator: What it is and Examples}, 
    url={https://www.marketbeat.com/financial-terms/what-is-accumulation-distribution-indicator/}, 
    journal={MarketBeat}, 
    publisher={MarketBeat}, 
    author={Yu, Jea}, 
    year={2023}, 
    month={09},
    urldate={2023-11-14}
} 